<?xml version="1.0" encoding="UTF-8"?>
<collection xmlns:xsi="http://www.w3.org/2001/XMLSchema-instance" xsi:schemaLocation="http://www.loc.gov/MARC21/slim http://www.loc.gov/standards/marcxml/schema/MARC21slim.xsd" xmlns="http://www.loc.gov/MARC21/slim">
<record>
  <leader>01069cam a2200253 a 4500</leader>
  <controlfield tag="001">2957793</controlfield>
  <controlfield tag="003">NNC</controlfield>
  <controlfield tag="005">20130426002539.0</controlfield>
  <controlfield tag="008">000407s1895    ua            000 0 arard</controlfield>
  <datafield tag="035" ind1=" " ind2=" ">
    <subfield code="a">(OCoLC)ocm43796688</subfield>
  </datafield>
  <datafield tag="035" ind1=" " ind2=" ">
    <subfield code="9">ASK2887CU</subfield>
  </datafield>
  <datafield tag="035" ind1=" " ind2=" ">
    <subfield code="a">(NNC)2957793</subfield>
  </datafield>
  <datafield tag="040" ind1=" " ind2=" ">
    <subfield code="a">IUL</subfield>
    <subfield code="c">IUL</subfield>
    <subfield code="d">ZCU</subfield>
  </datafield>
  <datafield tag="050" ind1="0" ind2="0">
    <subfield code="a">BP165.5</subfield>
    <subfield code="b">.S3</subfield>
  </datafield>
  <datafield tag="090" ind1=" " ind2=" ">
    <subfield code="a">BP165.5</subfield>
    <subfield code="b">.S24</subfield>
  </datafield>
  <datafield tag="100" ind1="1" ind2=" ">
    <subfield code="a">Dasūqī, Muḥammad ibn Aḥmad ibn ʻArafah,</subfield>
    <subfield code="d">-1815.</subfield>
  </datafield>
  <datafield tag="245" ind1="1" ind2="0">
    <subfield code="a">Hāshiyat Muḥammad al-Dasūqī ʻalá sharḥ Umm al-barāhīn /</subfield>
    <subfield code="c">li-Muḥammad al-Sanūsī. Wa-bi-hāmishihā al-sharḥ al-madhkūr.</subfield>
  </datafield>
  <datafield tag="260" ind1=" " ind2=" ">
    <subfield code="a">[Egypt] :</subfield>
    <subfield code="b">al-Maṭbaʻah al-Azharīyah al-Miṣrīyah,</subfield>
    <subfield code="c">1313 [1895]</subfield>
  </datafield>
  <datafield tag="300" ind1=" " ind2=" ">
    <subfield code="a">232 p.</subfield>
  </datafield>
  <datafield tag="520" ind1=" " ind2=" ">
    <subfield code="a">al-Sanusi's creed, known as Umm al-barāhīn, and his own commentary upon it are printed together in the margin.</subfield>
  </datafield>
  <datafield tag="650" ind1=" " ind2="0">
    <subfield code="a">Islam</subfield>
    <subfield code="x">Doctrines.</subfield>
  </datafield>
  <datafield tag="600" ind1="1" ind2="0">
    <subfield code="a">Sanūsī, Muḥammad ibn Yūsuf,</subfield>
    <subfield code="d">approximately 1427-approximately 1490.</subfield>
    <subfield code="t">Umm al-barāhīn.</subfield>
  </datafield>
  <datafield tag="700" ind1="1" ind2=" ">
    <subfield code="a">Sanūsī, Muḥammad ibn Yūsuf,</subfield>
    <subfield code="d">approximately 1427-approximately 1490.</subfield>
  </datafield>
  <datafield tag="955" ind1=" " ind2=" ">
    <subfield code="b">CU55318690</subfield>
    <subfield code="d">off,glx</subfield>
    <subfield code="e">BP165.5 .S24</subfield>
  </datafield>
</record>
</collection>